@book{nielson2015principles,
  title={Principles of program analysis},
  author={Nielson, Flemming and Nielson, Hanne R and Hankin, Chris},
  year={2015},
  publisher={Springer}
}

@inproceedings{toman2015crust,
  title={Crust: A Bounded Verifier for Rust (N)},
  author={Toman, John and Pernsteiner, Stuart and Torlak, Emina},
  booktitle={Automated Software Engineering (ASE), 2015 30th IEEE/ACM International Conference on},
  pages={75--80},
  year={2015},
  organization={IEEE}
}

@article{bhattacharya2006code,
  title={Code based analysis for object-oriented systems},
  author={Bhattacharya, Swapan and Kanjilal, Ananya},
  journal={Journal of Computer Science and Technology},
  volume={21},
  number={6},
  pages={965--972},
  year={2006},
  publisher={Springer}
}

@manual{cprover_manual,
    author={Daniel Kroening},
    title={The CProver User Manual}
}

@techreport{iso_c_standard,
    address={Geneva, CH},
    type={Standard},
    title={INTERNATIONAL STANDARD ©ISO/IEC ISO/IEC 9899:201x Programming languages — C},
    shorttitle={{ISO}/{IEC} {TR} 29110-1:2016},
    institution={International Organization for Standardization},
    author={},
    year={2011},
}

@inproceedings{ckkst2018,
  author    = { Cordeiro, Lucas
                and Kesseli, Pascal
                and Kroening, Daniel
                and Schrammel, Peter
                and Trtik, Marek },
  title     = { {JBMC}: A Bounded Model Checking Tool for Verifying {Java} Bytecode },
  booktile  = { Computer Aided Verification (CAV) },
  year      = { 2018 },
  publisher = { Springer },
  pages     = { 183--190 },
  isbn      = { 978-3-319-96144-6 },
  series    = { LNCS },
  volume    = { 10981 },
}

@inproceedings{ckl2004,
  author    = { Clarke, Edmund
                and Kroening, Daniel
                and Lerda, Flavio },
  title     = { A Tool for Checking {ANSI-C} Programs },
  booktile  = { Tools and Algorithms for the Construction and Analysis of Systems (TACAS 2004) },
  year      = { 2004 },
  publisher = { Springer },
  pages     = { 168--176 },
  isbn      = { 3-540-21299-X },
  series    = { Lecture Notes in Computer Science },
  volume    = { 2988 },
  editor    = { Kurt Jensen and Andreas Podelski },
}

@article{erwig2001inductive,
  title={Inductive graphs and functional graph algorithms},
  author={Erwig, Martin},
  journal={Journal of Functional Programming},
  volume={11},
  number={5},
  pages={467--492},
  year={2001},
  publisher={Cambridge University Press}
}

@inproceedings{kahsai2016jayhorn,
  title={JayHorn: A framework for verifying Java programs},
  author={Kahsai, Temesghen and R{\"u}mmer, Philipp and Sanchez, Huascar and Sch{\"a}f, Martin},
  booktitle={International Conference on Computer Aided Verification},
  pages={352--358},
  year={2016},
  organization={Springer}
}

@article{havelund2000model,
  title={Model checking java programs using java pathfinder},
  author={Havelund, Klaus and Pressburger, Thomas},
  journal={International Journal on Software Tools for Technology Transfer},
  volume={2},
  number={4},
  pages={366--381},
  year={2000},
  publisher={Springer}
}

@inproceedings{Demartini1998ModelingAV,
  title={Modeling and Validation of Java Multithreading Applications using SPIN},
  author={Claudio Giovanni Demartini and Radu Iosif and Riccardo Sisto},
  year={1998}
}

@inproceedings{een2003extensible,
  title={An extensible SAT-solver},
  author={E{\'e}n, Niklas and S{\"o}rensson, Niklas},
  booktitle={International conference on theory and applications of satisfiability testing},
  pages={502--518},
  year={2003},
  organization={Springer}
}

@book{Gosling:2014:JLS:2636997,
 author = {Gosling, James and Joy, Bill and Steele, Guy L. and Bracha, Gilad and Buckley, Alex},
 title = {The Java Language Specification, Java SE 8 Edition},
 year = {2014},
 isbn = {013390069X, 9780133900699},
 edition = {1st},
 publisher = {Addison-Wesley Professional},
} 
