@book{nielson2015principles,
  title={Principles of program analysis},
  author={Nielson, Flemming and Nielson, Hanne R and Hankin, Chris},
  year={2015},
  publisher={Springer}
}

@inproceedings{toman2015crust,
  title={Crust: A Bounded Verifier for Rust (N)},
  author={Toman, John and Pernsteiner, Stuart and Torlak, Emina},
  booktitle={Automated Software Engineering (ASE), 2015 30th IEEE/ACM International Conference on},
  pages={75--80},
  year={2015},
  organization={IEEE}
}

@article{nilsson2009declarative,
  title={Declarative intraprocedural flow analysis of Java source code},
  author={Nilsson-Nyman, Emma and Hedin, G{\"o}rel and Magnusson, Eva and Ekman, Torbj{\"o}rn},
  journal={Electronic Notes in Theoretical Computer Science},
  volume={238},
  number={5},
  pages={155--171},
  year={2009},
  publisher={Elsevier}
}

@inproceedings{BBK+17,
  author={Zuzana Baranová and Jiří Barnat and Katarína Kejstová
            and Tadeáš Kučera and Henrich Lauko and Jan Mrázek
            and Petr Ročkai and Vladimír Štill},
  title={Model Checking of {C} and {C}++ with {DIVINE} 4},
  booktitle={Automated Technology for Verification and Analysis (ATVA 2017)},
  pages={201-207},
  volume={10482},
  series={LNCS},
  year={2017},
  publisher={Springer}}